@misc{Camilli2024,
  author       = {M. Camilli and E. Di Nitto and M. Rossi},
  title        = {Verification \& Validation - Types of Testing},
  year         = {2024},
  howpublished = {Software Engineering 2 - Dynamic Analysis Lecture Slides},
  institution  = {Politecnico di Milano},
  note         = {Available via Webeep},
}

@manual{ContiMarino2024,
  author       = {Enzo Conti and Mar\u00eda Marino},
  title        = {Requirement Analysis and Specification Document},
  organization = {Politecnico di Milano},
  year         = {2024},
  note         = {Functional Requirements Section},
  url          = {https://github.com/marinomaria/ContiMarino},
  version      = {1.0},
  date         = {2024-12-22},